

@article{kim1987turbulence,
  title={Turbulence statistics in fully developed channel flow at low Reynolds number},
  author={Kim, John and Moin, Parviz and Moser, Robert},
  journal={Journal of fluid mechanics},
  volume={177},
  pages={133--166},
  year={1987},
  publisher={Cambridge University Press}
}
