@article{greengard1987fast,
  title={A fast algorithm for particle simulations},
  author={Greengard, Leslie and Rokhlin, Vladimir},
  journal={Journal of computational physics},
  volume={73},
  number={2},
  pages={325--348},
  year={1987},
  publisher={Elsevier}
}


@article{watson1953molecular,
  title={Molecular structure of nucleic acids: a structure for deoxyribose nucleic acid},
  author={Watson, James D and Crick, Francis HC},
  journal={Nature},
  volume={171},
  number={4356},
  pages={737--738},
  year={1953},
  publisher={Nature Publishing Group}
}


